@article{janairo2022a,
  title     = {A Machine Learning Classification Model for Gold-Binding Peptides},
  author    = {Janairo, Jose Isagani B.},
  journal   = {ACS Omega},
  year      = {2022},
  volume    = {7},
  number    = {15},
  pages     = {14069--14073},
  publisher = {American Chemical Society},
  doi       = {10.1021/acsomega.2c00640}
}

@article{janairo2019,
  title     = {Predictive Analytics for Biomineralization Peptide Binding Affinity},
  author    = {Janairo, Jose Isagani B.},
  journal   = {BioNanoScience},
  year      = {2019},
  volume    = {9},
  number    = {1},
  pages     = {74--78},
  doi       = {10.1007/s12668-018-0557-7}
}

@article{janairo2023,
  title     = {Sequence rules for gold-binding peptides},
  author    = {Janairo, Jose Isagani B.},
  journal   = {RSC Advances},
  year      = {2023},
  volume    = {13},
  pages     = {21146--21152},
  doi       = {10.1039/D3RA04269C}
}

@article{tanaka2017,
  title     = {Array-based functional peptide screening and characterization of gold nanoparticle synthesis},
  author    = {Tanaka, M. and Sano, K. and Fukuda, T. and Kato, K. and Shiba, K.},
  journal   = {Acta Biomaterialia},
  year      = {2017},
  volume    = {49},
  pages     = {495--506},
  doi       = {10.1016/j.actbio.2016.11.056}
}

@article{kidera1985,
  title     = {Statistical analysis of the physical properties of the 20 naturally occurring amino acids},
  author    = {Kidera, A. and Konishi, Y. and Oka, M. and Ooi, T. and Scheraga, H. A.},
  journal   = {Journal of Protein Chemistry},
  year      = {1985},
  volume    = {4},
  number    = {1},
  pages     = {23--55},
  doi       = {10.1007/BF01025492}
}

@article{henikoff1992,
  title     = {Amino acid substitution matrices from protein blocks},
  author    = {Henikoff, Steven and Henikoff, Jorja G.},
  journal   = {Proceedings of the National Academy of Sciences},
  volume    = {89},
  number    = {22},
  pages     = {10915--10919},
  year      = {1992},
  doi       = {10.1073/pnas.89.22.10915}
}

@inproceedings{bergstra2012,
  title     = {Random search for hyper-parameter optimization},
  author    = {Bergstra, James and Bengio, Yoshua},
  booktitle = {Journal of Machine Learning Research},
  volume    = {13},
  number    = {Feb},
  pages     = {281--305},
  year      = {2012},
  url       = {https://jmlr.org/papers/volume13/bergstra12a/bergstra12a.pdf}
}

@article{prechelt1998,
  title     = {Early stopping---but when?},
  author    = {Prechelt, Lutz},
  journal   = {Neural Networks: Tricks of the Trade},
  pages     = {55--69},
  year      = {1998},
  publisher = {Springer},
  doi       = {10.1007/3-540-49430-8_3}
}

@inproceedings{lundberg2017unified,
  title     = {A unified approach to interpreting model predictions},
  author    = {Lundberg, Scott M. and Lee, Su-In},
  booktitle = {Advances in Neural Information Processing Systems},
  volume    = {30},
  year      = {2017},
  url       = {https://proceedings.neurips.cc/paper/2017/hash/8a20a8621978632d76c43dfd28b67767-Abstract.html}
}

@article{zhang2022protein,
  title     = {Protein sequence datasets for machine learning},
  author    = {Zhang, Chao and others},
  journal   = {Briefings in Bioinformatics},
  year      = {2022},
  publisher = {Oxford University Press},
  doi       = {10.1093/bib/bbab507}
}

@article{jumper2021highly,
  title     = {Highly accurate protein structure prediction with AlphaFold},
  author    = {Jumper, John and others},
  journal   = {Nature},
  volume    = {596},
  pages     = {583--589},
  year      = {2021},
  doi       = {10.1038/s41586-021-03819-2}
}

@article{rao2021transformer,
  title     = {Transformer protein language models are unsupervised structure learners},
  author    = {Rao, Roshan and others},
  journal   = {bioRxiv},
  year      = {2021},
  doi       = {10.1101/2020.12.15.422761}
}

@article{elnaggar2021prottrans,
  title     = {ProtTrans: Toward understanding the language of life through self-supervised learning},
  author    = {Elnaggar, Ahmed and others},
  journal   = {IEEE Transactions on Pattern Analysis and Machine Intelligence},
  year      = {2021},
  doi       = {10.1109/TPAMI.2021.3095381}
}

@inproceedings{szegedy2016rethinking,
  title     = {Rethinking the Inception architecture for computer vision},
  author    = {Szegedy, Christian and others},
  booktitle = {Proceedings of the IEEE conference on computer vision and pattern recognition},
  pages     = {2818--2826},
  year      = {2016},
  doi       = {10.1109/CVPR.2016.308}
}

@article{krogh1992simple,
  title     = {A simple weight decay can improve generalization},
  author    = {Krogh, Anders and Hertz, John A.},
  journal   = {Advances in Neural Information Processing Systems},
  volume    = {4},
  year      = {1992},
  pages     = {950--957}
}

@inproceedings{sundararajan2017axiomatic,
  title     = {Axiomatic attribution for deep networks},
  author    = {Sundararajan, Mukund and Taly, Ankur and Yan, Qiqi},
  booktitle = {International Conference on Machine Learning},
  pages     = {3319--3328},
  year      = {2017},
  url       = {http://proceedings.mlr.press/v70/sundararajan17a.html}
}
@inproceedings{Sundararajan2017IntegratedGradients,
  title     = {Axiomatic Attribution for Deep Networks},
  author    = {Sundararajan, Mukund and Taly, Ankur and Yan, Qiqi},
  booktitle = {Proceedings of the 34th International Conference on Machine Learning (ICML)},
  year      = {2017},
  pages     = {3319--3328},
  url       = {http://proceedings.mlr.press/v70/sundararajan17a.html}
}

@article{Krogh1992Dropout,
  title     = {A Simple Weight Decay Can Improve Generalization},
  author    = {Krogh, Anders and Hertz, John A.},
  journal   = {Advances in Neural Information Processing Systems},
  volume    = {4},
  pages     = {950--957},
  year      = {1992}
}

@inproceedings{Szegedy2016LabelSmoothing,
  title     = {Rethinking the Inception Architecture for Computer Vision},
  author    = {Szegedy, Christian and Vanhoucke, Vincent and Ioffe, Sergey and Shlens, Jon and Wojna, Zbigniew},
  booktitle = {Proceedings of the IEEE Conference on Computer Vision and Pattern Recognition (CVPR)},
  pages     = {2818--2826},
  year      = {2016},
  doi       = {10.1109/CVPR.2016.308}
}
@article{Breiman2001RandomForests,
  title     = {Random Forests},
  author    = {Breiman, Leo},
  journal   = {Machine Learning},
  year      = {2001},
  volume    = {45},
  number    = {1},
  pages     = {5--32},
  doi       = {10.1023/A:1010933404324}
}

@inproceedings{Lundberg2017SHAP,
  title     = {A Unified Approach to Interpreting Model Predictions},
  author    = {Lundberg, Scott M. and Lee, Su-In},
  booktitle = {Advances in Neural Information Processing Systems (NeurIPS)},
  volume    = {30},
  year      = {2017},
  url       = {https://proceedings.neurips.cc/paper/2017/hash/8a20a8621978632d76c43dfd28b67767-Abstract.html}
}
